@misc{earl,
    author = "Arm Automation, Inc",
    title = {{EARL – Automated Bowling Test System}},
    howpublished = {\url{https://www.armautomation.com/?page_id=80}},
    note = {Online: Accessed on November 18\textsuperscript{th} 2021 } ,
    year=2021,
}


@misc{twojaw,
    author = "Keller Technology Corporation",
    title = {{8 Types of End of Arm Tooling Devices for Automation Projects}},
    howpublished = {\url{https://www.kellertechnology.com/blog/8-types-of-end-of-arm-tooling-devices-for-automation-projects/}},
    note = {Online: Accessed on November 20\textsuperscript{th} 2021 } ,
    year=2017,
}

@misc{threejaw,
    author = "Keller Technology Corporation",
    title = {{Three-Jaw Gripper}},
    howpublished = {\url{https://www.kellertechnology.com/blog/8-types-of-end-of-arm-tooling-devices-for-automation-projects/}},
    note = {Online: Accessed on November 20\textsuperscript{th} 2021 } ,
    year=2017,
}

@misc{below,
    author = "Keller Technology Corporation",
    title = {{O-ring Gripper}},
    howpublished = {\url{https://www.kellertechnology.com/blog/8-types-of-end-of-arm-tooling-devices-for-automation-projects/}},
    note = {Online: Accessed on November 20\textsuperscript{th} 2021 } ,
    year=2017,
}

@misc{oring,
    author = "Keller Technology Corporation",
    title = {{Bellow Gripper}},
    howpublished = {\url{https://www.kellertechnology.com/blog/8-types-of-end-of-arm-tooling-devices-for-automation-projects/}},
    note = {Online: Accessed on November 20\textsuperscript{th} 2021 } ,
    year=2017,
}


@misc{control,
    author = "Control Engineering",
    title = {{Creating a robot for bowling}},
    howpublished = {\url{https://www.controleng.com/articles/creating-a-robot-for-bowling/}},
    note = {Online: Accessed on November 21\textsuperscript{st} 2021 } ,
    year=2011,
}



@misc{3grip,
    author = "Wevolver",
    title = {{3-Finger Adaptive Robot Gripper}},
    howpublished = {\url{https://www.wevolver.com/wevolver.staff/3-finger.adaptive.robot.gripper}},
    note = {Online: Accessed on November 21\textsuperscript{st} 2021 } ,
    year=2011,
}



@misc{parallelrobot,
    author = "Penta Robotics",
    title = {{Parallel-link manipulator}},
    howpublished = {\url{https://pentarobotics.com/products/}},
    note = {Online: Accessed on November 21\textsuperscript{st} 2021 } ,
    year=2011,
}


@misc{cartesian,
    author = "Control Farayand Pasargad Robotic Group",
    title = {{Gantry Robot, Cartesian Robot, Gantry Robots, Cartesian Robots}},
    howpublished = {\url{https://robot.cfp.co.ir/en/robots/cartesian-gantry}},
    note = {Online: Accessed on November 21\textsuperscript{st} 2021 } ,
    year=2011,
}

@article{coronel2018trajectory,
  title={On the trajectory tracking control for an SCARA robot manipulator in a fractional model driven by induction motors with PSO tuning},
  author={Coronel-Escamilla, A and Torres, Felipe and G{\'o}mez-Aguilar, JF and Escobar-Jim{\'e}nez, RF and Guerrero-Ram{\'\i}rez, GV},
  journal={Multibody System Dynamics},
  volume={43},
  number={3},
  pages={257--277},
  year={2018},
  publisher={Springer}
}

@misc{irb2600,
    author = "ABB Robotics",
    title = {{IRB 2600}},
    howpublished = {\url{https://new.abb.com/products/robotics/industrial-robots/irb-2600}},
    note = {Online: Accessed on November 21\textsuperscript{st} 2021 } ,
    year=2011,
}

@article{Zhang2020,
author = {Zhang, Baohua and Xie, Yuanxin and Zhou, Jun and Wang, Kai and Zhang, Zhen},
doi = {10.1016/j.compag.2020.105694},
issn = {01681699},
journal = {Computers and Electronics in Agriculture},
keywords = {Agricultural robot,End-effector,Grasping,Gripper,Harvesting robot,Pick and place,Sensors},
mendeley-groups = {Robot Manipulators},
number = {August},
pages = {105694},
publisher = {Elsevier},
title = {{State-of-the-art robotic grippers, grasping and control strategies, as well as their applications in agricultural robots: A review}},
url = {https://doi.org/10.1016/j.compag.2020.105694},
volume = {177},
year = {2020}
}

@article{Frohlich2004,
author = {Frohlich, Cliff},
doi = {10.1119/1.1767099},
issn = {0002-9505},
journal = {American Journal of Physics},
mendeley-groups = {Robot Manipulators},
number = {9},
pages = {1170--1177},
title = {{What makes bowling balls hook?}},
volume = {72},
year = {2004}
}

@book{Corke11,
  added-at = {2018-11-24T00:00:00.000+0100},
  author = {Corke, Peter},
  biburl = {https://www.bibsonomy.org/bibtex/274e20b3b766e5c5ed1752788a7aa01d6/dblp},
  ee = {https://www.wikidata.org/entity/Q58626465},
  interhash = {bc3680c17ccaff6f8b3869da4ccfd38d},
  intrahash = {74e20b3b766e5c5ed1752788a7aa01d6},
  isbn = {978-3-642-20143-1},
  keywords = {dblp},
  pages = {1-495},
  publisher = {Springer},
  series = {Springer Tracts in Advanced Robotics},
  timestamp = {2018-11-27T11:54:03.000+0100},
  title = {Robotics, Vision and Control - Fundamental Algorithms in MATLAB®},
  url = {http://dblp.uni-trier.de/db/series/star/index.html#Corke11},
  volume = 73,
  year = 2011
}

@article{Tai2016,
author = {Tai, Kevin and El-Sayed, Abdul Rahman and Shahriari, Mohammadali and Biglarbegian, Mohammad and Mahmud, Shohel},
doi = {10.3390/robotics5020011},
issn = {22186581},
journal = {Robotics},
keywords = {End effector,Grasping,Micromanipulators,Robotic grippers,Robots},
mendeley-groups = {Robot Manipulators},
number = {2},
pages = {1--20},
title = {{State of the art robotic grippers and applications}},
volume = {5},
year = {2016}
}

@article{Hugo2012,
author = {Hugo, Penisi Osvaldo},
doi = {10.1007/978-1-4471-4664-3_5},
isbn = {9781447146643},
issn = {22110992},
journal = {Mechanisms and Machine Science},
mendeley-groups = {Robot Manipulators},
pages = {107--131},
title = {{Industrial grippers: State-of-the-art and main design characteristics}},
volume = {10},
year = {2012}
}


%%%%%%%%%%%%%%%%%%%%%%%%%%%%%%%%%%%%%%%%%%%%%%%%%%%%%%%%%%%%%%%%%%%%%%%%%%%%%%%%
%%%%%%%%%%%%%%%%%%%%%%%%%%%%%%%%%%%%%%%%%%%%%%%%%%%%%%%%%%%%%%%%%%%%%%%%%%%%%%%%

@BOOK{book:spong:2005,
  author    = {Mark W. Spong and Seth Hutchinson and M. Vidyasagar},
  title     = {Robot modeling and control},
  publisher = {John Wiley \& Sons, inc.},
  edition   = {1},
  year      = {2005}}

@BOOK{book:lynch-park:2017,
  author    = {Kevin M. Lynch and Frank C. Park},
  title     = {Modern robotics: mechanics, planning, and control},
  publisher = {Cambridge University Press},
  edition   = {1},
  isbn      = {978-1-107-15630-2},
  year      = {2017}}

@ARTICLE{review:boubekri-chakraborty:2002,
  author  = {N. Boubekri and Pinaki Chakraborty},
  journal = {Integrated Manufacturing Systems},
  title   = {Robotic grasping: gripper designs, control methods and grasp configurations -- a review of research},
  year    = {2002},
  volume  = {13},
  number  = {7},
  pages   = {520-531},
  note    = {\url{https://doi.org/10.1108/09576060210442978}},
  ISSN    = {0957-6061},
  month   = {Nov.},
  }

@ARTICLE{simtwo:article,
  author  = {P. {Costa} and J. {Gon\c{c}alves} and J. {Lima} and P. {Malheiros}},
  journal = {Theory and Applications of Mathematics \& Computer Science}, 
  title   = {Sim{T}wo realistic simulator: a tool for the development and validation of robot software}, 
  year    = {2011},
  volume  = {1},
  number  = {1},
  pages   = {11-16},
  note    = {\url{https://hdl.handle.net/10198/4117}},
  ISSN    = {2067-2764},
  month   = {Apr.},}

@MISC{simtwo:github,
  author = {P. Costa},
  title  = {SimTwo -- a realistic simulator for robotics},
  url    = {https://github.com/P33a/SimTwo},
  note   = {Accessed on Nov. 22, 2021. \url{https://github.com/P33a/SimTwo}},}

@INPROCEEDINGS{samadikhoshkho:2019,
  author    = {Samadikhoshkho, Zahra and Zareinia, Kourosh and Janabi-Sharifi, Farrokh},
  booktitle = {2019 IEEE Canadian Conference of Electrical and Computer Engineering (CCECE)}, 
  title     = {A brief review on robotic grippers classifications}, 
  year      = {2019},
  volume    = {},
  number    = {},
  pages     = {1-4},
  note      = {\url{https://doi.org/10.1109/CCECE.2019.8861780}},
  issn      = {2576-7046},
  month     = {May},}

@ARTICLE{review:wang:2020,
  author  = {Chao Wang and Xuehe Zhang and Xizhe Zang and Yubin Liu and Guanwen Ding and Wenxin Yin and Jie Zhao},
  journal = {Sensors}, 
  title   = {Feature sensing and robotic grasping of objects with uncertain information: a review}, 
  year    = {2020},
  volume  = {20},
  number  = {13},
  pages   = {3707},
  note    = {\url{https://doi.org/10.3390/s20133707}},
  ISSN    = {1424-8220},
  month   = {July},}

@ARTICLE{kinematic-chains:hybrid:exechon,
  author  = {Jun Zhang and Yan Q. Zhao and Yan Jin},
  journal = {Journal of Manufacturing Science and Engineering}, 
  title   = {Elastodynamic modeling and analysis for an {E}xechon parallel kinematic machine}, 
  year    = {2015},
  volume  = {138},
  number  = {3},
  pages   = {031011},
  note    = {\url{https://doi.org/10.1115/1.4030938}},
  ISSN    = {1528-8935},
  month   = {Oct.},}

@INPROCEEDINGS{review:compliant-manipulators:2014,
  author    = {Tat Joo Teo and Guilin Yang and I-Ming Chen},
  booktitle = {Handbook of Manufacturing Engineering and Technology}, 
  title     = {Compliant manipulators}, 
  year      = {2014},
  volume    = {},
  number    = {},
  pages     = {},
  note      = {\url{https://doi.org/10.1007/978-1-4471-4976-7_102-1}},
  isbn      = {978-1-4471-4976-7},
  month     = {Mar.},}

@ARTICLE{kinematic-chains:parallel:stewart,
  author  = {D. Stewart},
  journal = {Proceedings of the Institution of Mechanical Engineers}, 
  title   = {A Platform with Six Degrees of Freedom}, 
  year    = {1965},
  volume  = {180},
  number  = {1},
  pages   = {371-386},
  note    = {\url{https://doi.org/10.1243/PIME_PROC_1965_180_029_02}},
  ISSN    = {0020-3483},
  month   = {June},}

@INBOOK{review:kinematic-chains:2012,
  author    = {Harib, Khalifa and Moustafa, Kamal and Ura, Sharifu and Zenieh, Salah},
  title     = {Serial and parallel robot manipulators -- kinematics, dynamics, control and optimization}, 
  chapter   = {Parallel, serial and hybrid machine tools and robotics structures: comparative study on optimum kinematic designs}, 
  year      = {2012},
  pages     = {109-124},
  note      = {\url{https://doi.org/10.5772/33797}},
  publisher = {INTEC},
  ISSN      = {978-953-51-0437-7},
  month     = {Mar.},}

@INBOOK{review:kinematically-redundancy:2008,
  author    = {Chiaverini, Stefano and Oriolo, Giuseppe and Walker, Ian D.},
  chapter   = {Kinematically Redundant Manipulators}, 
  title     = {Springer Handbook of Robotics}, 
  year      = {2008},
  pages     = {245-268},
  note      = {\url{https://doi.org/10.1007/978-3-540-30301-5_12}},
  publisher = {Springer},
  ISSN      = {978-3-540-30301-5},
  month     = {},}

@INPROCEEDINGS{review:dexterity:2011,
  author    = {Ma, Raymond R. and Dollar, Aaron M.},
  booktitle = {2011 15th International Conference on Advanced Robotics (ICAR)}, 
  title     = {On dexterity and dexterous manipulation}, 
  year      = {2011},
  volume    = {},
  number    = {},
  pages     = {1-7},
  note      = {\url{https://doi.org/10.1109/ICAR.2011.6088576}},
  issn      = {},
  month     = {June},}

@ARTICLE{review:dexterity:2000,
  author  = {Bicchi, A.},
  journal = {IEEE Transactions on Robotics and Automation}, 
  title   = {Hands for dexterous manipulation and robust grasping: a difficult road toward simplicity}, 
  year    = {2000},
  volume  = {16},
  number  = {6},
  pages   = {652-662},
  note    = {\url{https://doi.org/10.1109/70.897777}},
  ISSN    = {2374-958X},
  month   = {Dec.},}